<?xml version="1.0" encoding="UTF-8"?>
<record xmlns="http://www.loc.gov/MARC21/slim" xmlns:xsi="http://www.w3.org/2001/XMLSchema-instance" xsi:schemaLocation="http://www.loc.gov/MARC21/slim http://www.loc.gov/standards/marcxml/schema/MARC21slim.xsd">
<leader>00000cam a22      a 4500</leader>
<controlfield tag="001">001937037</controlfield>
<controlfield tag="003">NNU</controlfield>
<controlfield tag="005">20150124151205.0</controlfield>
<controlfield tag="008">880415m19869999ir            000 0 arard</controlfield>
<datafield tag="035" ind1=" " ind2=" ">
<subfield code="a">(OCoLC)23698311</subfield>
</datafield>
<datafield tag="040" ind1=" " ind2=" ">
<subfield code="a">PUL</subfield>
<subfield code="b">eng</subfield>
<subfield code="c">PUL</subfield>
<subfield code="d">OSU</subfield>
<subfield code="d">OCLCQ</subfield>
<subfield code="d">OCLCF</subfield>
<subfield code="d">OCLCQ</subfield>
<subfield code="d">NNU</subfield>
</datafield>
<datafield tag="041" ind1="1" ind2=" ">
<subfield code="a">ara</subfield>
<subfield code="h">per</subfield>
</datafield>
<datafield tag="050" ind1=" " ind2="4">
<subfield code="a">B29</subfield>
<subfield code="b">.M58 1986</subfield>
</datafield>
<datafield tag="100" ind1="1" ind2=" ">
<subfield code="6">880-01</subfield>
<subfield code="a">Miṣbāḥ Yazdī, Muḥammad Taqī.</subfield>
</datafield>
<datafield tag="240" ind1="1" ind2="0">
<subfield code="6">880-02</subfield>
<subfield code="a">Āmūzish-i falsafah.</subfield>
<subfield code="l">Arabic</subfield>
</datafield>
<datafield tag="245" ind1="1" ind2="3">
<subfield code="6">880-03</subfield>
<subfield code="a">al-Manhaj al-jadīd fī taʻlīm al-falsafah /</subfield>
<subfield code="c">taʼlīf Muḥammad Taqī Miṣbāḥ al-Yazdī ; tarjamat Muḥammad ʻAbd al-Munʻim al-Khāqānī.</subfield>
</datafield>
<datafield tag="260" ind1=" " ind2=" ">
<subfield code="6">880-04</subfield>
<subfield code="a">Qum :</subfield>
<subfield code="b">Muʼassasat al-Nashr al-Islāmī al-Ṭābiʻah li-Jamāʻat al-Mudarrisīn,</subfield>
<subfield code="c">1407- [1986-]</subfield>
</datafield>
<datafield tag="300" ind1=" " ind2=" ">
<subfield code="a">volumes ;</subfield>
<subfield code="c">25 cm</subfield>
</datafield>
<datafield tag="336" ind1=" " ind2=" ">
<subfield code="a">text</subfield>
<subfield code="b">txt</subfield>
<subfield code="2">rdacontent</subfield>
</datafield>
<datafield tag="337" ind1=" " ind2=" ">
<subfield code="a">unmediated</subfield>
<subfield code="b">n</subfield>
<subfield code="2">rdamedia</subfield>
</datafield>
<datafield tag="338" ind1=" " ind2=" ">
<subfield code="a">volume</subfield>
<subfield code="b">nc</subfield>
<subfield code="2">rdacarrier</subfield>
</datafield>
<datafield tag="500" ind1=" " ind2=" ">
<subfield code="a">"415-416."</subfield>
</datafield>
<datafield tag="500" ind1=" " ind2=" ">
<subfield code="a">Translation of: Āmūzish-i falsafah.</subfield>
</datafield>
<datafield tag="650" ind1=" " ind2="0">
<subfield code="a">Philosophy</subfield>
<subfield code="v">Textbooks.</subfield>
</datafield>
<datafield tag="650" ind1=" " ind2="7">
<subfield code="a">Philosophy.</subfield>
<subfield code="2">fast</subfield>
<subfield code="0">(OCoLC)fst01060777</subfield>
</datafield>
<datafield tag="655" ind1=" " ind2="7">
<subfield code="a">Textbooks.</subfield>
<subfield code="2">fast</subfield>
<subfield code="0">(OCoLC)fst01423863</subfield>
</datafield>
<datafield tag="700" ind1="1" ind2=" ">
<subfield code="6">880-05</subfield>
<subfield code="a">Khāqānī, Muḥammad ʻAbd al-Munʻim.</subfield>
</datafield>
<datafield tag="776" ind1="0" ind2="8">
<subfield code="i">Online version:</subfield>
<subfield code="a">Miṣbāḥ Yazdī, Muḥammad Taqī.</subfield>
<subfield code="s">Āmūzish-i falsafah. Arabic.</subfield>
<subfield code="t">Manhaj al-jadīd fī taʻlīm al-falsafah.</subfield>
<subfield code="d">Qum : Muʼassasat al-Nashr al-Islāmī al-Ṭābiʻah li-Jamāʻat al-Mudarrisīn, 1407- [1986-]</subfield>
<subfield code="w">(OCoLC)709524963</subfield>
</datafield>
<datafield tag="880" ind1="1" ind2=" ">
<subfield code="6">100-01/</subfield>
<subfield code="a">مصباح يزدى، محمد تقى.</subfield>
</datafield>
<datafield tag="880" ind1="1" ind2="0">
<subfield code="6">240-02/</subfield>
<subfield code="a">آموزش فلسفه.</subfield>
<subfield code="l">عربي</subfield>
</datafield>
<datafield tag="880" ind1="1" ind2="2">
<subfield code="6">245-03/</subfield>
<subfield code="a">المنهج الجديد في تعليم الفلسفة /</subfield>
<subfield code="c">تأليف محمد تقي مصباح اليزدي ؛ ترجمة محمد عبد المنعم الخاقاني.</subfield>
</datafield>
<datafield tag="880" ind1=" " ind2=" ">
<subfield code="6">260-04/</subfield>
<subfield code="a">قم :</subfield>
<subfield code="b">مؤسسة النشر الإسلامي التابعة لجماعة المدرسين،</subfield>
<subfield code="c">1407-1409 [1986-1988]</subfield>
</datafield>
<datafield tag="880" ind1="1" ind2=" ">
<subfield code="6">700-05/</subfield>
<subfield code="a">خاقاني، محمد عبد المنعم.</subfield>
</datafield>
<datafield tag="OWN" ind1=" " ind2=" ">
<subfield code="a">GENERAL</subfield>
</datafield>
<datafield tag="AVA" ind1=" " ind2=" ">
<subfield code="a">NYU50</subfield>
<subfield code="b">BOBST</subfield>
<subfield code="c">Main Collection</subfield>
<subfield code="d">B741 .M69 1986</subfield>
<subfield code="e">unavailable</subfield>
<subfield code="t">Unavailable</subfield>
<subfield code="f">2</subfield>
<subfield code="g">2</subfield>
<subfield code="h">Y</subfield>
<subfield code="i">0</subfield>
<subfield code="j">MAIN</subfield>
<subfield code="k">0</subfield>
</datafield>
</record>
